@inproceedings{li-00,
  author = {G. Li and R. Simha},
  title = {The Partition Coloring Problem and its Application to Wavelength Routing and Assignment},
  booktitle = {1st Workshop on Optical Networks},
  year = {2000}
}

@article{noronha-06,
  author = {T. F. Noronha and C.C. Ribeiro},
  title = {Routing and wavelength assignment by partition colouring},
  journal = {European Journal of Operational Research},
  volume = 171,
  number = 3,
  pages = {797--810},
  year = 2006
}

@article{frota-07,
  author = {Y. Frota and N. Maculan and T. F. Noronha and C. C. Ribeiro},
  title = {A Branch-and-Cut Algorithm for the Partition Coloring Problem},
  journal = {Networks},
  volume = 55,
  number = 3,
  pages = {194--204},
  year = 2010
}

@article{hoshino-11,
  author = {E. A. Hoshino and Y. A. Frota and C. C. de Souza},
  title = {A branch-and-price approach for the partition coloring problem},
  journal = {Operations Research Letters},
  volume = {39},
  number = {2},
  pages = {132--137},
  year = {2011},
}

@incollection{demange-12,
  author={M. Demange and J. Monnot and P. Pop and B. Ries},
  title={Selective Graph Coloring in Some Special Classes of Graphs},
  booktitle={Combinatorial Optimization},
  volume={7422},
  series={Lecture Notes in Computer Science},
  keywords={computational complexity; scheduling; bipartite graphs; split graphs; complete q-partite graphs},
  pages={320--331},
  year={2012},
  isbn={978-3-642-32146-7},
}


@article{Lv-10,
  author = {Z. L\"u and J.-K. Hao},
  title = {A memetic algorithm for graph coloring},
  journal = {European Journal of Operational Research},
  volume = {203},
  number = {1},
  pages = {241--250},
  year = {2010},
}

@article{glover-96,
  author = {F. Glover and M. Parker and J. Ryan},
  title = {Coloring by Tabu Branch and Bound},
  journal = {DIMACS Series on Discrete Mathematics and Theoretical Computer Science},
  year = {1996},
  volume = {26},
  pages = {285--308}
}

@article{brelaz-79,
 author = {D. Br{\'e}laz},
 title = {New methods to color the vertices of a graph},
 journal = {Communication of ACM},
 volume = {22},
 number = {4},
 year = {1979},
 pages = {251--256},
} 

@incollection{moscato-99,
  author = {P. Moscato},
  title = {Memetic Algorithms: {A} Short Introduction},
  booktitle = {New Ideas in Optimization},
  editor = {D. Corne and others},
  publisher = {McGraw Hill},
  year = 1999,
  pages = {219--234},
}

@article{bontoux-10,
  author = {B. Bontoux and C. Artigues and D. Feillet},
  title = {A Memetic Algorithm with a large neighborhood crossover operator for the Generalized Traveling Salesman Problem},
  journal = {Computers and Operations Research},
  volume = {37},
  number = {11},
  pages = {1844--1852},
  year = {2010},
}

@article{ngueveu-10,
  author = {S.U. Ngueveu and C. Prins and R.W. Calvo},
  title = {An effective memetic algorithm for the cumulative capacitated vehicle routing problem},
  journal = {Computers and Operations Research},
  volume = {37},
  number = {11},
  pages = {1877--1885},
  year = {2010},
}

@book{holland-92,
 author = {J. H. Holland},
 title = {Adaptation in natural and artificial systems},
 year = {1992},
 isbn = {0-262-58111-6},
 publisher = {MIT Press},
 address = {Cambridge, MA, USA},
}

@book{pop-12,
 author = {P. C. Pop},
 title = {Generalized network design problems. Modeling and Optimization},
 year = {2012},
 series = {De Gruyter Series in Discrete Mathematics and Applications},
 publisher = {Versita}, 
 address = {Germany},
}

@article{gualandi-12,
  author = {S. Gualandi and F. Malucelli},
  title = {Exact solution of graph coloring problems via constraint programming and column generation},
  journal = {INFORMS Journal on Computing},
  volume = {24},
  number = {1},
  pages = {81--100},
  year = {2012},
}

@article{lu-10,
  author = {L\"u and and J. Hao},
  title = {A memetic algorithm for graph coloring},
  journal = {European Journal of Operational Research},
  volume = {203},
  pages = {241--250},
  year = {2010},
}

@misc{pcp-instance-page,
  author = {Y. Frota and N. Maculan and T.F. Noronha and C.C. Ribeiro},
  title = {Instances for the partition Coloring Problem},
  howpublished = {www.ic.uff.br/~celso/grupo/pcp.htm},
}

@inproceedings{pop-13,
  author = {P. C.\ Pop and B. Hu and G. R.\ Raidl},
  title = {A Memetic Algorithm for the Partition Graph Coloring Problem},
  booktitle = {Extended Abstracts of the 14th International Conference on Computer Aided Systems Theory},
  address = {Gran Canaria, Spain},
  pages = {167--169},
  year = {2013},
  category = {vrp,vns,evolcomp}, 
}

@article{demange-13,
  author = {M. Demange and J. Monnot and P. Pop and B. Ries},
  title = {On the complexity of the selective graph coloring problem in some special classes of graphs},
  journal = {Theoretical Computer Science},
  volume = {},
  number = {},
  year = {2013},
  note = {in press},
  issn = {0304-3975},
}

@article{erlebach-01,
author = { T. Erlebach and K. Jansen},
title  = { The complexity of path coloring and call scheduling},
journal = {Theoretical Computer Science},
volume = {255},
number = {},
year = {2001},
month = {March},
pages = {33-50},
note = {},
issn = {},
}

@article{campelo-04,
author = { Y. Corrêa and M. Campelo},
title = { Cliques, holes and the vertex coloring polytope},
journal = {Information Processing Letters},
volume = {89},
number = {4},
pages = {159-164},
year = {2004},
month = {February},
note = {},
issn = {},
}

@techreport{Meindl-12,
    author    = "B. Meindl and M. Templ",
    title     = "Meindl-12",
    institution = "Institut f. Statistik u. Wahrscheinlichkeitstheorie, Technical University of Vienna",
    address  = "1040 Wien, Wiedner Hauptstr. 8-10/107, Vienna, Austra",
    year      = "2012",
    month    = "March",
}

@mastersthesis{volko-13,
    author    = "C.-D. Volko",
    title     = "Selective graph coloring problem",
    school    = "Vienna University of Technology, Institute of Computer Graphics and Algorithms",
    type     = "Master's Thesis",
    year      = "2013",
    month    = "April",
    note     = "Supervised by G. Raidl and B. Hu.",
}


@article{andersen-09,
author = {  R. Andersen and K. Chellapilla },
title = { Finding Dense Subgraphs with Size Bounds},
journal = {Lecture Notes in Computer Science},
volume = {5427},
pages = {25-37},
year = {2009},
note = {},
issn = {},
}

@article{aksoy-98,
author = {  S. Aksoy},
title = { A Graph–Theoretic Clustering Algorithm: Finding Dense Regios in a Graph},
journal = {},
volume = {},
number = {},
year = {1998},
note = {},
issn = {},
}

@article{khuller-09,
author = {S. Khuller and B. Saha},
title = {On Finding Dense Subgraphs},
journal = {Lecture Notes in Computer Science},
volume = {5555},
number = {},
year = {2009},
pages = {597-608},
note = {},
issn = {0302-9743},
}

@article{asahiro-02,
author = {Y. Asahiro and R. Hassin and K. Iwama},
title = {Complexity of finding dense subgraphs},
journal = {Discrete Applied Mathematics},
volume = {121},
pages = {15–26},
year = {2002},
note = {},
issn = {},
}

@article{feige-97,
author = {U. Feige and G. Kortsarz and D. Peleg},
title = {The dense k-subgraph problem},
journal = {Algorithmica},
volume = {29},
pages = {410-421},
year = {1997},
note = {},
issn = {0178-4617},
}

@book{lawler-76,
author = {E.L. Lawler},
title = {Combinatorial Optimization: Networks and matroids},
publisher = {Dover Publications},
year = {1976},
}

@article{shapiro-79,
author = {L. G. Shapiro and R. M. Haralick},
title = {Decomposition of two-dimensional shapes by graph-theoretic clustering},
journal = {IEEE Transactions on Pattern Analysis and Machine Intelligence},
volume = {1},
pages = {10–20},
year = {1976},
note = {},
issn = {},
}

@article{asahiroa-00,
author = { Y. Asahiroa and K. Iwamab and H. Tamakic and T. Tokuyamad},
title = {Greedily Finding a Dense Subgraph},
journal = {Journal of Algorithms},
volume = {34},
pages = {203-221},
year = {2000},
note = {},
issn = {0196-6774},
}

@article{charikar-00,
author = { M. Charikar},
title = {Greedy approximation algorithms for finding dense components in a graph},
journal = {Lecture Notes in Computer Science},
volume = {1913},
pages = {84-95},
year = {2000},
note = {Third International Workshop, APPROX 2000 Saarbrücken, Germany, September 5–8, 2000 Proceedings},
issn = {0302-9743},
}

@article{krishnaswamy-01,
author = {R. M. Krishnaswamy and K. N. Sivarajan},
title = {Algorithms for Routing and Wavelength Assignment
Based on Solutions of LP-Relaxations},
journal = {IEEE Communication Letters},
volume = {5},
number = {10},
page = {435--437},
year = {2001},
month = {October},
note = {},
issn = {},
}

@Mastersthesis{gebhard-12,
author = {P. Gebhard},
title = {The Vehicle Routing Problem with Compartments Based on Solutions of LP-Relaxations},
school = {Vienna University of Technology, Institute of Computer Graphics and Algorithms, Vienna, Austria},
type = {Master's Thesis},
year = {2012},
month = {October},
note = {Supervised by G. Raidl and S. Pirkwieser},
issn = {},
}

@Mastersthesis{fritz-11,
author = {G. Fritz},
title = {Heuristic Methods for the Hop Constrained Survivable Network Design Problem},
school = {Vienna University of Technology, Institute of Computer Graphics and Algorithms, Vienna, Austria},
type = {Master's Thesis},
year = {2011},
month = {September},
note = {Supervised by G. Raidl and S. Pirkwieser},
issn = {},
}

@Mastersthesis{leitner-06,
author = {M. Leitner},
title = {Solving Two Generalized Network Design Problems with Exact and Heuristic Methods},
school = {Vienna University of Technology, Institute of Computer Graphics and Algorithms, Vienna, Austria},
type = {Master's Thesis},
year = {2006},
month = {May},
note = {Supervised by G. Raidl and B. Hu},
issn = {},
}

@book{garey-79,
author = {M. R. Garey and D. S. Johnson},
title = {Computers and Intractability: A Guide to the Theory of NP-Completeness},
publisher = {W. H. Freeman and Company},
series = {Series of Books in the Mathematical Sciences},
edition = {first},
year = {1979},
month = {January}
}

@book{chiong-09,
    author    = "R. Chiong",
    title     = "Nature-Inspired Algorithms for Optimisation",
    publisher = "Springer",
    number   = "193",
    series   = "Studies in Computational Intelligence",
    year      = "2009",
}

@book{papadimitriou-94,
author = {C. M. Papadimitriou},
title = {Computational Complexity},
publisher = {Addison Wesley Pub Co Inc.},
year = {1993},
month = {November},
}

@book{pardalos-02,
author = {P. Pardalos and H. Romeijn},
title = {Handbook of Global Optimization},
edition = {second},
publisher = {Kluwer Academic Publishers},
year = {2002},
note = {},
issn = {},
}

@book{neumann-10,
author = {F. Neumann and C. Witt},
title = {Bioinspired Computation in Combinatorial Optimization},
series = {Combinatorial Optimization, Natural Computing Series},
publisher = {Springer},
year = {2010},
}

@book{nocedal-00,
author = {J. Nocedal and S. Wright},
title = {Numerical Optimization},
series = {Springer Series in Operations Research and Financial Engineering},
year = {2006},
publisher = {Springer},
}

@BOOK{wegener-05,
  AUTHOR       = "I. Wegener",
  TITLE        = "Complexity Theory: Exploring the Limits of Efficient Algorithms",
  PUBLISHER    = "Springer",
  YEAR         = "2005",
}


@article{blum-05,
author = {C. Blum and A. Roli},
title = {Metaheuristics in combinatorial optimization: Overview and conceptual comparison},
journal = {ACM Computing Surveys},
volume = {35},
number = {},
year = {2003},
note = {268--308},
issn = {},
}


@article{wolpert-97,
author = {D. H. Wolpert and W. G. Macready},
title = {No free lunch theorems for optimization},
journal = {IEEE Transactions on Evolutionary Computation},
volume = {1},
pages = {67-82},
year = {1997},
note = {},
issn = {},
}

@book{williamson-10,
author = {D. P. Williamson and D. B. Shmoys},
title = {The Design of Approximation Algorithms},
publisher = {Cambridge University Press},
year = {2010},
}

@BOOK{gendreau-10,
  AUTHOR       = "M. Gendreau",
  TITLE        = "Handbook of metaheuristics",
  EDITION	   = "second",
  SERIES	   = "International Series in Operations Research \& Management Science (Book 146)",
  PUBLISHER    = "Springer",
  YEAR         = "2010",
}


@article{glover-86,
author = {F. Glover},
title = {Future paths for integer programming and links to artificial intelligence},
journal = {Cambridge University Press},
volume = {13},
pages = {533–549},
year = {1986},
note = {},
issn = {},
}

@article{osman-96,
author = {I. H. Osman and G. Laporte},
title = {Metaheuristics: A bibliography},
journal = {Annals of Operations Research},
volume = {63},
pages = {513-623},
year = {1996},
note = {},
issn = {},
}

@article{feremans-03,
author = {C. Feremans},
title = {Generalized network design problems},
journal = {European Journal of Operational Research},
volume = {148},
pages = {1-13},
year = {2003},
month = {July},
note = {},
issn = {},
}

@book{murthy-02,
author = {C. S. Ram Murthy and M. Gurusamy},
title = {WDM Optical Networks - Concepts, Design and Algorithms},
publisher = {Prentice Hall India},
year = {2002},
}

@article{belgacem-13,
author = {L. Belgacem and I. Charon and O. Hudry},
title = {A post-optimization method for the routing and wavelength assignment problem applied to scheduled lightpath demands},
journal = {European Journal of Operational Research},
volume = {232},
number = {2},
pages = {298--306},
year = {2014},
note = {},
issn = {0377-2217},
}

@article{holton-08,
author = {D. A. Holton and J. Sheehan},
title = {The Petersen Graph},
journal = {Australian Mathematical Society Lecture Series},
volume = {},
number = {},
year = {2008},
note = {},
issn = {},
}

@article{glover-95,
author = {F. Glover, M. Parker},
title = {Coloring by Tabu Branch and Bound},
journal = {DIMACS Series in Discrete Mathematics and Theoretical Computer Science},
volume = {00},
number = {},
year = {1995},
note = {},
issn = {},
}

@article{campelo-05,
author = {M. Campelo, V. Campos and R. Correa},
title = {On the asymmetric representatives formulation for the vertex coloring problem, Proceedings of the 2th Brazilian Symposium on Graphs},
journal = {Electronic Notes in Discrete Mathematics},
volume = {19},
pages = {337-343},
year = {2005},
note = {},
issn = {},
}


@article{trick-96,
author = {A. Mehrotra and M. A. Trick},
title = {A column generation approach for graph coloring},
journal = {INFORMS Journal on Computing},
volume = {8},
pages = {344-354},
year = {1996},
note = {},
issn = {},
}

@article{campelo-052,
author = {M. Campelo and V. Campos and R. Correa and C. Rodrigues},
title = {On fractional and integral chromatic numbers of a graph via cutting and pricing},
journal = {Proceedings of Fifth ALIO/EURO Conference on Combinatorial Optimization},
volume = {},
pages = {42–42},
year = {2005},
note = {},
issn = {},
}

@article{karp-72,
  author = {R. Karp},
  title = {Reducibility amound combinatorial problems},
  journal = {Complexity of computer computations},
  pages = {85-103},
  year = {1972},
}

@article{welsh-67,
  author = {D. Welsh and M. Powell},
  title = {An upper bound to the chromatic number of a graph and its application to time-table problems},
  journal = {Oxford Journal on Computer Science},
  pages = {85,86},
  year = {1967},
}


@book{matula-72,
  author = {D. Matula and G. Marble and J. Isaacson},
  title = {Graph Coloring Algorithms},
  series = {Graph Theory and Computing},
  publisher = {Academic Press},	  
  year = {1972},
  address = {New York},
}


@article{gaume-10,
  author = {B. Gaume and E. Navarro and H. Prade},
  title = {A parallel between extended formal concept analysis and bipartite graphs analysis},
  journal = {Lecture Notes in Computer Science},
  volume = {6178},
  pages = {270--280},
  year = {2010},
}


@article{Mehrotra-96,
  author = {A. Mehrotra and M. A. Trick},
  title = {A Column Generation Approach For Graph Coloring},
  journal = {INFORMS Journal on Computing},
  year = {1996},
  volume = {8},
  pages = {344--354}
}


@misc{ andersen-07,
    author    = "R. Andersen",
    title     = "Finding large and small dense subgraphs",
    howpublished = "Cornell University Library, http://arxiv.org/abs/cs/0702032",
    year     = "2007",
    month    = "February",
}
